<?xml version='1.0' encoding='UTF-8'?>
<record xmlns="http://www.loc.gov/MARC21/slim">
  <leader>01045cam a22002295i 4500</leader>
  <controlfield tag="001">1647622</controlfield>
  <controlfield tag="003">NjP</controlfield>
  <controlfield tag="005">20170227172606.0</controlfield>
  <controlfield tag="008">870728s1931    ua            000 0 ara d</controlfield>
  <datafield tag="024" ind1="7" ind2=" ">
    <subfield code="a">princeton_aco002277</subfield>
    <subfield code="2">local</subfield>
  </datafield>
  <datafield ind1=" " ind2=" " tag="035">
    <subfield code="a">(OCoLC)ocm16307879</subfield>
  </datafield>
  <datafield ind1=" " ind2=" " tag="035">
    <subfield code="9">CFF9033TS</subfield>
  </datafield>
  <datafield ind1=" " ind2=" " tag="040">
    <subfield code="a">CLU</subfield>
    <subfield code="c">CLU</subfield>
    <subfield code="d">PUL</subfield>
  </datafield>
  <datafield ind1="1" ind2=" " tag="100">
    <subfield code="a">Haykal, Muḥammad Ḥusayn,</subfield>
    <subfield code="d">1888-1956.</subfield>
    <subfield code="0">http://id.loc.gov/authorities/names/n82036376</subfield>
  </datafield>
  <datafield ind1="1" ind2="3" tag="245">
    <subfield code="a">al-Siyasah al-misriyah wa-al-inqilab al-dusturi /</subfield>
    <subfield code="c">Muhammad Husayn Haykal wa-Ibrahim ʻAbd al-Qadir al-Mazini wa-Muhammad ʻAbd Allah ʻInan.</subfield>
  </datafield>
  <datafield ind1=" " ind2=" " tag="260">
    <subfield code="a">Cairo :</subfield>
    <subfield code="b">Matbaʻat al-Siyasah,</subfield>
    <subfield code="c">1931.</subfield>
  </datafield>
  <datafield ind1=" " ind2=" " tag="300">
    <subfield code="a">134 p.</subfield>
  </datafield>
  <datafield ind1=" " ind2=" " tag="590">
    <subfield code="a">Photocopy.</subfield>
  </datafield>
  <datafield ind1=" " ind2="0" tag="651">
    <subfield code="a">Egypt</subfield>
    <subfield code="x">Politics and government</subfield>
    <subfield code="y">1919-1952.</subfield>
    <subfield code="0">http://id.loc.gov/authorities/subjects/sh85041323</subfield>
  </datafield>
  <datafield ind1="1" ind2=" " tag="700">
    <subfield code="a">ʻInān, Muḥammad ʻAbd Allāh,</subfield>
    <subfield code="d">1896-</subfield>
    <subfield code="0">http://id.loc.gov/authorities/names/n82085880</subfield>
  </datafield>
  <datafield ind1="1" ind2=" " tag="700">
    <subfield code="a">Māzinī, Ibrāhīm ʻAbd al-Qādir,</subfield>
    <subfield code="d">1889-1949.</subfield>
    <subfield code="0">http://id.loc.gov/authorities/names/n84214556</subfield>
  </datafield>
  <datafield ind1=" " ind2=" " tag="947">
    <subfield code="a">CFF9033</subfield>
  </datafield>
  <datafield ind1=" " ind2=" " tag="911">
    <subfield code="a">20000130</subfield>
  </datafield>
  <datafield ind1="0" ind2="0" tag="852">
    <subfield code="0">1900070</subfield>
    <subfield code="b">nec</subfield>
    <subfield code="t">0</subfield>
    <subfield code="h">DT107</subfield>
    <subfield code="i">.H395 1931</subfield>
  </datafield>
  <datafield ind1=" " ind2=" " tag="959">
    <subfield code="a">2000-06-13 00:00:00 -0400</subfield>
  </datafield>
</record>
